<?xml version="1.0" encoding="UTF-8"?>
<searchRetrieveResponse xmlns="http://www.loc.gov/zing/srw/"><version>1.1</version><numberOfRecords>107</numberOfRecords><records><record><recordSchema>MARC21-xml</recordSchema><recordPacking>xml</recordPacking><recordData><record xmlns="http://www.loc.gov/MARC21/slim" type="Bibliographic">
    <leader>00000njm a2200000 c 4500</leader>
    <controlfield tag="001">1140549502</controlfield>
    <controlfield tag="003">DE-101</controlfield>
    <controlfield tag="005">20171110184942.0</controlfield>
    <controlfield tag="007">s|||||||||||||</controlfield>
    <controlfield tag="008">170927s2017    gw ||||| |||||||||||eng  </controlfield>
    <datafield tag="015" ind1=" " ind2=" ">
      <subfield code="a">17,T10</subfield>
      <subfield code="2">dnb</subfield>
    </datafield>
    <datafield tag="016" ind1="7" ind2=" ">
      <subfield code="2">DE-101</subfield>
      <subfield code="a">1140549502</subfield>
    </datafield>
    <datafield tag="024" ind1="7" ind2=" ">
      <subfield code="2">urn</subfield>
      <subfield code="a">urn:nbn:de:101:1-2017111017517</subfield>
    </datafield>
    <datafield tag="028" ind1="3" ind2="2">
      <subfield code="b">Coates Cat Records (LC 11952)</subfield>
      <subfield code="a">123</subfield>
    </datafield>
    <datafield tag="035" ind1=" " ind2=" ">
      <subfield code="a">(DE-599)DNB1140549502</subfield>
    </datafield>
    <datafield tag="035" ind1=" " ind2=" ">
      <subfield code="a">(OCoLC)1188126691</subfield>
    </datafield>
    <datafield tag="040" ind1=" " ind2=" ">
      <subfield code="a">1380</subfield>
      <subfield code="b">ger</subfield>
      <subfield code="c">DE-101</subfield>
      <subfield code="d">0292</subfield>
      <subfield code="e">rda</subfield>
    </datafield>
    <datafield tag="041" ind1=" " ind2=" ">
      <subfield code="a">eng</subfield>
    </datafield>
    <datafield tag="044" ind1=" " ind2=" ">
      <subfield code="c">XA-DE</subfield>
    </datafield>
    <datafield tag="082" ind1="7" ind2="4">
      <subfield code="a">781.64</subfield>
      <subfield code="q">DE-101</subfield>
      <subfield code="2">23sdnb</subfield>
    </datafield>
    <datafield tag="245" ind1="0" ind2="0">
      <subfield code="a">Travelin' guitar man</subfield>
      <subfield code="c">Daniel T. Coates</subfield>
    </datafield>
    <datafield tag="264" ind1=" " ind2="4">
      <subfield code="c">℗ 2017</subfield>
    </datafield>
    <datafield tag="264" ind1=" " ind2="1">
      <subfield code="a">Burgpreppach</subfield>
      <subfield code="b">Coates Cat Records</subfield>
      <subfield code="c">[2017]</subfield>
    </datafield>
    <datafield tag="300" ind1=" " ind2=" ">
      <subfield code="a">1 CD</subfield>
      <subfield code="e">1 Booklet (16 ungezählte Seiten)</subfield>
    </datafield>
    <datafield tag="336" ind1=" " ind2=" ">
      <subfield code="a">aufgeführte Musik</subfield>
      <subfield code="b">prm</subfield>
      <subfield code="2">rdacontent</subfield>
    </datafield>
    <datafield tag="337" ind1=" " ind2=" ">
      <subfield code="a">audio</subfield>
      <subfield code="b">s</subfield>
      <subfield code="2">rdamedia</subfield>
    </datafield>
    <datafield tag="338" ind1=" " ind2=" ">
      <subfield code="a">Audiodisk</subfield>
      <subfield code="b">sd</subfield>
      <subfield code="2">rdacarrier</subfield>
    </datafield>
    <datafield tag="583" ind1="1" ind2=" ">
      <subfield code="a">Archivierung/Langzeitarchivierung gewährleistet</subfield>
      <subfield code="5">DE-101</subfield>
      <subfield code="2">pdager</subfield>
    </datafield>
    <datafield tag="655" ind1=" " ind2="7">
      <subfield code="0">(DE-588)4522869-3</subfield>
      <subfield code="0">https://d-nb.info/gnd/4522869-3</subfield>
      <subfield code="0">(DE-101)955174880</subfield>
      <subfield code="a">CD</subfield>
      <subfield code="2">gnd-carrier</subfield>
    </datafield>
    <datafield tag="700" ind1="1" ind2=" ">
      <subfield code="0">(DE-588)134935306</subfield>
      <subfield code="0">https://d-nb.info/gnd/134935306</subfield>
      <subfield code="0">(DE-101)134935306</subfield>
      <subfield code="a">Coates, Daniel T.</subfield>
      <subfield code="e">Sänger</subfield>
      <subfield code="4">sng</subfield>
      <subfield code="e">Instrumentalmusiker</subfield>
      <subfield code="4">itr</subfield>
      <subfield code="2">gnd</subfield>
    </datafield>
    <datafield tag="850" ind1=" " ind2=" ">
      <subfield code="a">DE-101b</subfield>
      <subfield code="a">DE-101c</subfield>
    </datafield>
    <datafield tag="856" ind1="4" ind2="0">
      <subfield code="u">https://nbn-resolving.org/urn:nbn:de:101:1-2017111017517</subfield>
      <subfield code="x">Resolving-System</subfield>
    </datafield>
    <datafield tag="925" ind1="r" ind2=" ">
      <subfield code="a">rt</subfield>
    </datafield>
  </record></recordData><recordPosition>1</recordPosition></record>