<record><recordSchema>MARC21-xml</recordSchema><recordPacking>xml</recordPacking><recordData><record xmlns="http://www.loc.gov/MARC21/slim" type="Bibliographic">
    <leader>00000njm a2200000 c 4500</leader>
    <controlfield tag="001">1079030085</controlfield>
    <controlfield tag="003">DE-101</controlfield>
    <controlfield tag="005">20171202143931.0</controlfield>
    <controlfield tag="007">s|||||||||||||</controlfield>
    <controlfield tag="008">151119s2013    gw ||||| |||||||||||zxx  </controlfield>
    <datafield tag="015" ind1=" " ind2=" ">
      <subfield code="a">16,T03</subfield>
      <subfield code="2">dnb</subfield>
    </datafield>
    <datafield tag="016" ind1="7" ind2=" ">
      <subfield code="2">DE-101</subfield>
      <subfield code="a">1079030085</subfield>
    </datafield>
    <datafield tag="028" ind1="3" ind2="2">
      <subfield code="b">Trapez (LC 00494)</subfield>
      <subfield code="a">123</subfield>
    </datafield>
    <datafield tag="035" ind1=" " ind2=" ">
      <subfield code="a">(DE-599)DNB1079030085</subfield>
    </datafield>
    <datafield tag="035" ind1=" " ind2=" ">
      <subfield code="a">(OCoLC)945573943</subfield>
    </datafield>
    <datafield tag="040" ind1=" " ind2=" ">
      <subfield code="a">1330</subfield>
      <subfield code="b">ger</subfield>
      <subfield code="c">DE-101</subfield>
      <subfield code="d">9999</subfield>
      <subfield code="e">rda</subfield>
    </datafield>
    <datafield tag="041" ind1=" " ind2=" ">
      <subfield code="a">zxx</subfield>
    </datafield>
    <datafield tag="044" ind1=" " ind2=" ">
      <subfield code="c">XA-DE</subfield>
    </datafield>
    <datafield tag="082" ind1="7" ind2="4">
      <subfield code="a">781.64</subfield>
      <subfield code="q">DE-101</subfield>
      <subfield code="2">23sdnb</subfield>
    </datafield>
    <datafield tag="245" ind1="0" ind2="0">
      <subfield code="a">Kick the warehouse</subfield>
      <subfield code="b">EP</subfield>
      <subfield code="c"> Jose M. &amp; TacoMan ; w &amp; p by Jose Manuel Estrada &amp; Carlos Andres Cardona</subfield>
    </datafield>
    <datafield tag="264" ind1=" " ind2="4">
      <subfield code="c">© 2013</subfield>
    </datafield>
    <datafield tag="264" ind1=" " ind2="1">
      <subfield code="a">[Köln]</subfield>
      <subfield code="b">Traum Schallplatten</subfield>
      <subfield code="c">[2013]</subfield>
    </datafield>
    <datafield tag="300" ind1=" " ind2=" ">
      <subfield code="a">1 Schallplatte</subfield>
    </datafield>
    <datafield tag="336" ind1=" " ind2=" ">
      <subfield code="a">aufgeführte Musik</subfield>
      <subfield code="b">prm</subfield>
      <subfield code="2">rdacontent</subfield>
    </datafield>
    <datafield tag="337" ind1=" " ind2=" ">
      <subfield code="a">audio</subfield>
      <subfield code="b">s</subfield>
      <subfield code="2">rdamedia</subfield>
    </datafield>
    <datafield tag="338" ind1=" " ind2=" ">
      <subfield code="a">Audiodisk</subfield>
      <subfield code="b">sd</subfield>
      <subfield code="2">rdacarrier</subfield>
    </datafield>
    <datafield tag="655" ind1=" " ind2="7">
      <subfield code="0">(DE-588)4052032-8</subfield>
      <subfield code="0">https://d-nb.info/gnd/4052032-8</subfield>
      <subfield code="0">(DE-101)040520323</subfield>
      <subfield code="a">Schallplatte</subfield>
      <subfield code="2">gnd-carrier</subfield>
    </datafield>
    <datafield tag="710" ind1="2" ind2=" ">
      <subfield code="0">(DE-588)1082508098</subfield>
      <subfield code="0">https://d-nb.info/gnd/1082508098</subfield>
      <subfield code="0">(DE-101)1082508098</subfield>
      <subfield code="a">Jose M. &amp; TacoMan</subfield>
      <subfield code="g">Musikgruppe</subfield>
      <subfield code="e">Komponist</subfield>
      <subfield code="4">cmp</subfield>
      <subfield code="e">Produzent</subfield>
      <subfield code="4">pro</subfield>
      <subfield code="e">Ausführender</subfield>
      <subfield code="4">prf</subfield>
      <subfield code="2">gnd</subfield>
    </datafield>
    <datafield tag="850" ind1=" " ind2=" ">
      <subfield code="a">DE-101b</subfield>
      <subfield code="a">DE-101c</subfield>
    </datafield>
    <datafield tag="925" ind1="r" ind2=" ">
      <subfield code="a">rt</subfield>
    </datafield>
  </record></recordData><recordPosition>2</recordPosition></record>