<record><recordSchema>MARC21-xml</recordSchema><recordPacking>xml</recordPacking><recordData><record xmlns="http://www.loc.gov/MARC21/slim" type="Bibliographic">
    <leader>00000ncm a22000008c 4500</leader>
    <controlfield tag="001">98967522X</controlfield>
    <controlfield tag="003">DE-101</controlfield>
    <controlfield tag="005">20210531144330.0</controlfield>
    <controlfield tag="007">q|</controlfield>
    <controlfield tag="008">080721s2005    gw ||z||r|||||||||||ger  </controlfield>
    <datafield tag="015" ind1=" " ind2=" ">
      <subfield code="a">09,M01,0198</subfield>
      <subfield code="2">dnb</subfield>
    </datafield>
    <datafield tag="016" ind1="7" ind2=" ">
      <subfield code="2">DE-101</subfield>
      <subfield code="a">98967522X</subfield>
    </datafield>
    <datafield tag="028" ind1="3" ind2="2">
      <subfield code="a">123 (Pr. nicht mitget.)</subfield>
    </datafield>
    <datafield tag="028" ind1="3" ind2="2">
      <subfield code="a">123 (Pr. nicht mitget.)</subfield>
    </datafield>
    <datafield tag="035" ind1=" " ind2=" ">
      <subfield code="a">(DE-599)DNB98967522X</subfield>
    </datafield>
    <datafield tag="035" ind1=" " ind2=" ">
      <subfield code="a">(OCoLC)723820790</subfield>
    </datafield>
    <datafield tag="040" ind1=" " ind2=" ">
      <subfield code="a">1330</subfield>
      <subfield code="b">ger</subfield>
      <subfield code="c">DE-101</subfield>
      <subfield code="d">1140</subfield>
    </datafield>
    <datafield tag="041" ind1=" " ind2=" ">
      <subfield code="a">ger</subfield>
    </datafield>
    <datafield tag="044" ind1=" " ind2=" ">
      <subfield code="c">XA-DE</subfield>
    </datafield>
    <datafield tag="082" ind1="7" ind2="4">
      <subfield code="a">785.12</subfield>
      <subfield code="q">DE-101</subfield>
      <subfield code="2">22sdnb</subfield>
    </datafield>
    <datafield tag="100" ind1="1" ind2=" ">
      <subfield code="0">(DE-588)131798537</subfield>
      <subfield code="0">https://d-nb.info/gnd/131798537</subfield>
      <subfield code="0">(DE-101)131798537</subfield>
      <subfield code="a">Zlatev-Čerkin, Georgi</subfield>
      <subfield code="d">1905-1977</subfield>
      <subfield code="e">Komponist</subfield>
      <subfield code="4">cmp</subfield>
      <subfield code="2">gnd</subfield>
    </datafield>
    <datafield tag="245" ind1="1" ind2="0">
      <subfield code="a">Altes Lied</subfield>
      <subfield code="b">für Klarinette und Klavier</subfield>
      <subfield code="c">Georgi Zlatev Tcherkin</subfield>
    </datafield>
    <datafield tag="250" ind1=" " ind2=" ">
      <subfield code="a">[Klavierpartitur, Stimme]</subfield>
    </datafield>
    <datafield tag="259" ind1=" " ind2=" ">
      <subfield code="a">kls</subfield>
    </datafield>
    <datafield tag="264" ind1=" " ind2="1">
      <subfield code="a">Iffezheim</subfield>
      <subfield code="b">Eckberg</subfield>
      <subfield code="c">2005</subfield>
    </datafield>
    <datafield tag="300" ind1=" " ind2=" ">
      <subfield code="a">[2] Bl.</subfield>
      <subfield code="c">30 cm</subfield>
      <subfield code="e">1 St.</subfield>
    </datafield>
    <datafield tag="336" ind1=" " ind2=" ">
      <subfield code="a">Noten</subfield>
      <subfield code="b">ntm</subfield>
      <subfield code="2">rdacontent</subfield>
    </datafield>
    <datafield tag="337" ind1=" " ind2=" ">
      <subfield code="a">ohne Hilfsmittel zu benutzen</subfield>
      <subfield code="b">n</subfield>
      <subfield code="2">rdamedia</subfield>
    </datafield>
    <datafield tag="338" ind1=" " ind2=" ">
      <subfield code="a">Band</subfield>
      <subfield code="b">nc</subfield>
      <subfield code="2">rdacarrier</subfield>
    </datafield>
    <datafield tag="348" ind1=" " ind2=" ">
      <subfield code="0">(DE-588)4173447-6</subfield>
      <subfield code="0">https://d-nb.info/gnd/4173447-6</subfield>
      <subfield code="0">(DE-101)041734475</subfield>
      <subfield code="a">Partitur</subfield>
      <subfield code="2">gnd-music</subfield>
    </datafield>
    <datafield tag="348" ind1=" " ind2=" ">
      <subfield code="0">(DE-588)1071380443</subfield>
      <subfield code="0">https://d-nb.info/gnd/1071380443</subfield>
      <subfield code="0">(DE-101)1071380443</subfield>
      <subfield code="a">Stimme, Musikalische Ausgabeform</subfield>
      <subfield code="2">gnd-music</subfield>
    </datafield>
    <datafield tag="850" ind1=" " ind2=" ">
      <subfield code="a">DE-101b</subfield>
      <subfield code="a">DE-101c</subfield>
    </datafield>
    <datafield tag="925" ind1="r" ind2=" ">
      <subfield code="a">rm</subfield>
    </datafield>
  </record></recordData><recordPosition>7</recordPosition></record>