<record><recordSchema>MARC21-xml</recordSchema><recordPacking>xml</recordPacking><recordData><record xmlns="http://www.loc.gov/MARC21/slim" type="Bibliographic">
    <leader>00000njm a2200000 c 4500</leader>
    <controlfield tag="001">359195350</controlfield>
    <controlfield tag="003">DE-101</controlfield>
    <controlfield tag="005">20171202085844.0</controlfield>
    <controlfield tag="007">s|||||||||||||</controlfield>
    <controlfield tag="008">060703s2005    gw ||||| |||||||||||ger  </controlfield>
    <datafield tag="015" ind1=" " ind2=" ">
      <subfield code="a">06,T09,0194</subfield>
      <subfield code="2">dnb</subfield>
    </datafield>
    <datafield tag="016" ind1="7" ind2=" ">
      <subfield code="2">DE-101</subfield>
      <subfield code="a">359195350</subfield>
    </datafield>
    <datafield tag="028" ind1="3" ind2="2">
      <subfield code="b">Starkton-Musik (LC 09436)</subfield>
      <subfield code="a">123</subfield>
    </datafield>
    <datafield tag="035" ind1=" " ind2=" ">
      <subfield code="a">(DE-599)DNB359195350</subfield>
    </datafield>
    <datafield tag="035" ind1=" " ind2=" ">
      <subfield code="a">(OCoLC)725330342</subfield>
    </datafield>
    <datafield tag="040" ind1=" " ind2=" ">
      <subfield code="a">1340</subfield>
      <subfield code="b">ger</subfield>
      <subfield code="c">DE-101</subfield>
      <subfield code="d">9999</subfield>
    </datafield>
    <datafield tag="041" ind1=" " ind2=" ">
      <subfield code="a">ger</subfield>
    </datafield>
    <datafield tag="044" ind1=" " ind2=" ">
      <subfield code="c">XA-DE</subfield>
    </datafield>
    <datafield tag="082" ind1="7" ind2="4">
      <subfield code="a">781.64</subfield>
      <subfield code="q">DE-101</subfield>
      <subfield code="2">22sdnb</subfield>
    </datafield>
    <datafield tag="245" ind1="0" ind2="0">
      <subfield code="a">Cucumber Lounge Orchestra</subfield>
    </datafield>
    <datafield tag="264" ind1=" " ind2="1">
      <subfield code="a">[Münster (Westfalen)]</subfield>
      <subfield code="b">Starkton-Musik</subfield>
      <subfield code="c">[2005?]</subfield>
    </datafield>
    <datafield tag="300" ind1=" " ind2=" ">
      <subfield code="a">1 CD</subfield>
      <subfield code="b">stereo</subfield>
      <subfield code="c">12 cm</subfield>
      <subfield code="e">Beil.</subfield>
    </datafield>
    <datafield tag="336" ind1=" " ind2=" ">
      <subfield code="a">aufgeführte Musik</subfield>
      <subfield code="b">prm</subfield>
      <subfield code="2">rdacontent</subfield>
    </datafield>
    <datafield tag="337" ind1=" " ind2=" ">
      <subfield code="a">audio</subfield>
      <subfield code="b">s</subfield>
      <subfield code="2">rdamedia</subfield>
    </datafield>
    <datafield tag="338" ind1=" " ind2=" ">
      <subfield code="a">Audiodisk</subfield>
      <subfield code="b">sd</subfield>
      <subfield code="2">rdacarrier</subfield>
    </datafield>
    <datafield tag="505" ind1="8" ind2=" ">
      <subfield code="a">Cheese in the belly. Overdose of wisdom. Traurig und unwichtig. Glück. Hello skinny. The Allisons shouldn't visit Hjalmar Poelzig.</subfield>
    </datafield>
    <datafield tag="655" ind1=" " ind2="7">
      <subfield code="0">(DE-588)4522869-3</subfield>
      <subfield code="0">https://d-nb.info/gnd/4522869-3</subfield>
      <subfield code="0">(DE-101)955174880</subfield>
      <subfield code="a">CD</subfield>
      <subfield code="2">gnd-carrier</subfield>
    </datafield>
    <datafield tag="710" ind1="2" ind2=" ">
      <subfield code="0">(DE-588)10330292-X</subfield>
      <subfield code="0">https://d-nb.info/gnd/10330292-X</subfield>
      <subfield code="0">(DE-101)320567729</subfield>
      <subfield code="a">Cucumber Lounge Orchestra</subfield>
      <subfield code="e">Mitwirkender</subfield>
      <subfield code="4">ctb</subfield>
      <subfield code="2">gnd</subfield>
    </datafield>
    <datafield tag="850" ind1=" " ind2=" ">
      <subfield code="a">DE-101b</subfield>
      <subfield code="a">DE-101c</subfield>
    </datafield>
    <datafield tag="925" ind1="r" ind2=" ">
      <subfield code="a">rt</subfield>
    </datafield>
  </record></recordData><recordPosition>8</recordPosition></record>