<record><recordSchema>MARC21-xml</recordSchema><recordPacking>xml</recordPacking><recordData><record xmlns="http://www.loc.gov/MARC21/slim" type="Bibliographic">
    <leader>00000njm a2200000 c 4500</leader>
    <controlfield tag="001">358712521</controlfield>
    <controlfield tag="003">DE-101</controlfield>
    <controlfield tag="005">20171202082920.0</controlfield>
    <controlfield tag="007">s|||||||||||||</controlfield>
    <controlfield tag="008">040302s2004    gw ||||| |||||||||||ger  </controlfield>
    <datafield tag="015" ind1=" " ind2=" ">
      <subfield code="a">04,T05,1066</subfield>
      <subfield code="2">dnb</subfield>
    </datafield>
    <datafield tag="016" ind1="7" ind2=" ">
      <subfield code="2">DE-101</subfield>
      <subfield code="a">358712521</subfield>
    </datafield>
    <datafield tag="024" ind1="3" ind2=" ">
      <subfield code="a">4014704001238</subfield>
    </datafield>
    <datafield tag="024" ind1="7" ind2=" ">
      <subfield code="2">urn</subfield>
      <subfield code="a">urn:nbn:de:101:1-20140608989</subfield>
    </datafield>
    <datafield tag="028" ind1="3" ind2="2">
      <subfield code="b">FMP (LC 04557)</subfield>
      <subfield code="a">123</subfield>
    </datafield>
    <datafield tag="035" ind1=" " ind2=" ">
      <subfield code="a">(DE-599)DNB358712521</subfield>
    </datafield>
    <datafield tag="035" ind1=" " ind2=" ">
      <subfield code="a">(OCoLC)1183574271</subfield>
    </datafield>
    <datafield tag="035" ind1=" " ind2=" ">
      <subfield code="a">(OCoLC)724874211</subfield>
    </datafield>
    <datafield tag="040" ind1=" " ind2=" ">
      <subfield code="a">1340</subfield>
      <subfield code="b">ger</subfield>
      <subfield code="c">DE-101</subfield>
      <subfield code="d">9999</subfield>
    </datafield>
    <datafield tag="041" ind1=" " ind2=" ">
      <subfield code="a">ger</subfield>
    </datafield>
    <datafield tag="044" ind1=" " ind2=" ">
      <subfield code="c">XA-DE</subfield>
    </datafield>
    <datafield tag="082" ind1="7" ind2="4">
      <subfield code="a">781.65</subfield>
      <subfield code="q">DE-101</subfield>
      <subfield code="2">22sdnb</subfield>
    </datafield>
    <datafield tag="100" ind1="1" ind2=" ">
      <subfield code="0">(DE-588)119066904</subfield>
      <subfield code="0">https://d-nb.info/gnd/119066904</subfield>
      <subfield code="0">(DE-101)119066904</subfield>
      <subfield code="a">Taylor, Cecil</subfield>
      <subfield code="d">1929-2018</subfield>
      <subfield code="e">Komponist</subfield>
      <subfield code="4">cmp</subfield>
      <subfield code="2">gnd</subfield>
    </datafield>
    <datafield tag="245" ind1="1" ind2="0">
      <subfield code="a">Incarnation</subfield>
      <subfield code="c">by Cecil Taylor</subfield>
    </datafield>
    <datafield tag="264" ind1=" " ind2="1">
      <subfield code="a">Borken (Westfalen)</subfield>
      <subfield code="a">Berlin</subfield>
      <subfield code="b">FMP Publishing Ostendorf</subfield>
      <subfield code="c">[2004]</subfield>
    </datafield>
    <datafield tag="300" ind1=" " ind2=" ">
      <subfield code="a">1 Compact Disc</subfield>
      <subfield code="e">Beih.</subfield>
    </datafield>
    <datafield tag="336" ind1=" " ind2=" ">
      <subfield code="a">aufgeführte Musik</subfield>
      <subfield code="b">prm</subfield>
      <subfield code="2">rdacontent</subfield>
    </datafield>
    <datafield tag="337" ind1=" " ind2=" ">
      <subfield code="a">audio</subfield>
      <subfield code="b">s</subfield>
      <subfield code="2">rdamedia</subfield>
    </datafield>
    <datafield tag="338" ind1=" " ind2=" ">
      <subfield code="a">Audiodisk</subfield>
      <subfield code="b">sd</subfield>
      <subfield code="2">rdacarrier</subfield>
    </datafield>
    <datafield tag="500" ind1=" " ind2=" ">
      <subfield code="a">Interpr.: P 2003.</subfield>
    </datafield>
    <datafield tag="505" ind1="8" ind2=" ">
      <subfield code="a">Focus. Carnation. Cartouche.</subfield>
    </datafield>
    <datafield tag="518" ind1=" " ind2=" ">
      <subfield code="a">Live-Aufn.: 1999.</subfield>
    </datafield>
    <datafield tag="583" ind1="1" ind2=" ">
      <subfield code="a">Archivierung/Langzeitarchivierung gewährleistet</subfield>
      <subfield code="5">DE-101</subfield>
      <subfield code="2">pdager</subfield>
    </datafield>
    <datafield tag="655" ind1=" " ind2="7">
      <subfield code="0">(DE-588)4522869-3</subfield>
      <subfield code="0">https://d-nb.info/gnd/4522869-3</subfield>
      <subfield code="0">(DE-101)955174880</subfield>
      <subfield code="a">CD</subfield>
      <subfield code="2">gnd-carrier</subfield>
    </datafield>
    <datafield tag="710" ind1="2" ind2=" ">
      <subfield code="0">(DE-588)5209707-9</subfield>
      <subfield code="0">https://d-nb.info/gnd/5209707-9</subfield>
      <subfield code="0">(DE-101)951077775</subfield>
      <subfield code="a">Cecil Taylor Quartet</subfield>
      <subfield code="e">Ausführender</subfield>
      <subfield code="4">prf</subfield>
      <subfield code="2">gnd</subfield>
    </datafield>
    <datafield tag="850" ind1=" " ind2=" ">
      <subfield code="a">DE-101b</subfield>
      <subfield code="a">DE-101c</subfield>
    </datafield>
    <datafield tag="856" ind1="4" ind2="0">
      <subfield code="u">https://nbn-resolving.org/urn:nbn:de:101:1-20140608989</subfield>
      <subfield code="x">Resolving-System</subfield>
    </datafield>
    <datafield tag="925" ind1="r" ind2=" ">
      <subfield code="a">rt</subfield>
    </datafield>
  </record></recordData><recordPosition>9</recordPosition></record>